@misc{Hapunda_2023, 
    title={Deafness and hearing loss}, 
    url={https://www.who.int/news-room/fact-sheets/detail/deafness-and-hearing-loss}, 
    journal={World Health Organization}, 
    publisher={World Health Organization},
    year={2023}, 
    month={Feb}
}

@ARTICLE{Tangcharoensathien2018-le,
	  title    = "Improving access to assistive technologies: challenges and
	              solutions in low- and middle-income countries",
	  author   = "Tangcharoensathien, Viroj and Witthayapipopsakul, Woranan and
	              Viriyathorn, Shaheda and Patcharanarumol, Walaiporn",
	  journal  = "WHO South East Asia J Public Health",
	  volume   =  7,
	  number   =  2,
	  pages    = "84--89",
	  month    =  sep,
	  year     =  2018,
	  address  = "India",
	  keywords = "assistive devices; frail older adults; health services for people
	              with disabilities; health services needs and demand; people with
	              disabilities",
	  language = "en"
}

@misc{United_Nations, 
    title={Convention On The Rights Of Persons With Disabilities (CRPD)},
    url={https://social.desa.un.org/issues/disability/crpd/convention-on-the-rights-of-persons-with-disabilities-crpd}, 
    urldate = {2023-12-14}, 
    author={United Nations},   
    journal={United Nations}, 
    publisher={United Nations},
    note={Last accessed: 2023-12-10}
} 

@Article{00006479-201135010-00003,
    author={Borg, Johan
    and Lindstr{\"o}m, Anna
    and Larsson, Stig},
    title={Assistive technology in developing countries: a review from the perspective of the Convention on the Rights of Persons with Disabilities},
    journal={Prosthetics and Orthotics International},
    year={2011},
    volume={35},
    number={1},
    keywords={Assistive technology; Convention on the Rights of Persons with Disabilities; low-income countries; developing countries},
    issn={0309-3646},
    url={https://journals.lww.com/poijournal/fulltext/2011/35010/assistive_technology_in_developing_countries__a.3.aspx}
}
