@misc{shah2022novel,
      title={A Novel Chaos-based Light-weight Image Encryption Scheme for Multi-modal Hearing Aids}, 
      author={Awais Aziz Shah and Ahsan Adeel and Jawad Ahmad and Ahmed Al-Dubai and Mandar Gogate and Abhijeet Bishnu and Muhammad Diyan and Tassadaq Hussain and Kia Dashtipour and Tharm Ratnarajah and Amir Hussain},
      year={2022},
      eprint={2202.05662},
      archivePrefix={arXiv},
      primaryClass={cs.CR},
    note={Last accessed: 2023-12-10}
}


@Article{s23177454,
    AUTHOR = {Chin, Chiun-Li and Lin, Chia-Chun and Wang, Jing-Wen and Chin, Wei-Cheng and Chen, Yu-Hsiang and Chang, Sheng-Wen and Huang, Pei-Chen and Zhu, Xin and Hsu, Yu-Lun and Liu, Shing-Hong},
    TITLE = {A Wearable Assistant Device for the Hearing Impaired to Recognize Emergency Vehicle Sirens with Edge Computing},
    JOURNAL = {Sensors},
    VOLUME = {23},
    YEAR = {2023},
    NUMBER = {17},
    ARTICLE-NUMBER = {7454},
    URL = {https://www.mdpi.com/1424-8220/23/17/7454},
    PubMedID = {37687910},
    ISSN = {1424-8220},
    DOI = {10.3390/s23177454},
    note={Last accessed: 2023-12-10} 
}

@misc{Hapunda_2023, 
    title={Deafness and hearing loss}, 
    url={https://www.who.int/news-room/fact-sheets/detail/deafness-and-hearing-loss}, 
    journal={World Health Organization}, 
    publisher={World Health Organization},
    author={WHO},
    year={2023}, 
    month={Feb},
    note={Last accessed: 2023-12-10}
}

@ARTICLE{Tangcharoensathien2018-le,
	  title    = "Improving access to assistive technologies: challenges and
	              solutions in low- and middle-income countries",
	  author   = "Tangcharoensathien, Viroj and Witthayapipopsakul, Woranan and
	              Viriyathorn, Shaheda and Patcharanarumol, Walaiporn",
	  journal  = "WHO South East Asia J Public Health",
	  volume   =  7,
	  number   =  2,
	  pages    = "84--89",
	  month    =  sep,
	  year     =  2018,
	  address  = "India",
	  keywords = "assistive devices; frail older adults; health services for people
	              with disabilities; health services needs and demand; people with
	              disabilities",
	  language = "en",
        note={Last accessed: 2023-12-10}
}

@misc{United_Nations, 
    title={Convention On The Rights Of Persons With Disabilities (CRPD)},
    url={https://social.desa.un.org/issues/disability/crpd/convention-on-the-rights-of-persons-with-disabilities-crpd}, 
    urldate = {2023-12-14}, 
    author={United Nations},   
    journal={United Nations}, 
    publisher={United Nations},
    note={Last accessed: 2023-12-10}
} 

@Article{00006479-201135010-00003,
    author={Borg, Johan
    and Lindstr{\"o}m, Anna
    and Larsson, Stig},
    title={Assistive technology in developing countries: a review from the perspective of the Convention on the Rights of Persons with Disabilities},
    journal={Prosthetics and Orthotics International},
    year={2011},
    volume={35},
    number={1},
    keywords={Assistive technology; Convention on the Rights of Persons with Disabilities; low-income countries; developing countries},
    issn={0309-3646},
    url={https://journals.lww.com/poijournal/fulltext/2011/35010/assistive_technology_in_developing_countries__a.3.aspx},
    note={Last accessed: 2023-12-10} 
}

@misc{Market_Research_Firm, 
    title={Hearing Aids Market worth \$10.2 billion by 2026},
    journal={Market Research Firm},
    author={Market Research Firm},
    url={https://www.marketsandmarkets.com/PressReleases/hearing-aids.asp}, 
    note={Last accessed: 2023-12-08} 
}

@article{ferguson2017hearing,
  title={Hearing aids for mild to moderate hearing loss in adults},
  author={Ferguson, Melanie A and Kitterick, P{\'a}draig T and Chong, Lee Yee and Edmondson-Jones, Mark and Barker, Fiona and Hoare, Derek J},
  journal={Cochrane Database of Systematic Reviews},
  number={9},
  year={2017},
  publisher={John Wiley \& Sons, Ltd},
  note={Last accessed: 2023-12-14}
}

@article{benefit_costs,
    author = {Davis, Adrian and Smith, P and Ferguson, Melanie and Stephens, D and Gianopoulos, Ioanis},
    year = {2007},
    month = {10},
    pages = {1-294},
    title = {Acceptability, benefit and costs of early screening for hearing disability: A study of potential screening tests and models.},
    volume = {11},
    journal = {Health technology assessment (Winchester, England)},
    doi = {10.3310/hta11420},
    note={Last accessed: 2023-12-14}
}

@article{10.1001/archneurol.2010.362,
    author = {Lin, Frank R. and Metter, E. Jeffrey and O’Brien, Richard J. and Resnick, Susan M. and Zonderman, Alan B. and Ferrucci, Luigi},
    title = "{Hearing Loss and Incident Dementia}",
    journal = {Archives of Neurology},
    volume = {68},
    number = {2},
    pages = {214-220},
    year = {2011},
    month = {02},
    issn = {0003-9942},
    doi = {10.1001/archneurol.2010.362},
    url = {https://doi.org/10.1001/archneurol.2010.362},
    eprint = {https://jamanetwork.com/journals/jamaneurology/articlepdf/802291/noc05037\_214\_220.pdf},
    note={Last accessed: 2023-12-14}
}

@article{dementia,
    author = {Powell, Danielle and Oh, Esther and Lin, Frank and Deal, Jennifer},
    year = {2021},
    month = {05},
    pages = {},
    title = {Hearing Impairment and Cognition in an Aging World},
    volume = {22},
    journal = {Journal of the Association for Research in Otolaryngology : JARO},
    doi = {10.1007/s10162-021-00799-y},
    note={Last accessed: 2023-10-04}
}

@article{livingston2020dementia,
  title={Dementia prevention, intervention, and care: 2020 report of the Lancet Commission},
  author={Livingston, Gill and Huntley, Jonathan and Sommerlad, Andrew and Ames, David and Ballard, Clive and Banerjee, Sube and Brayne, Carol and Burns, Alistair and Cohen-Mansfield, Jiska and Cooper, Claudia and others},
  journal={The Lancet},
  volume={396},
  number={10248},
  pages={413--446},
  year={2020},
  publisher={Elsevier},
  note = {Last accessed: 2024-01-05}
}

@article{burrows2022not,
  title={A Not-So-Short History of Deaf Technology},
  author={Burrows, Kathryn},
  year={2022},
  note={Last accessed: 2024-01-06}
}

@misc{CalHearing_2023, 
title={A brief history of hearing loss}, 
url={https://calhearing.com/a-brief-history-of-hearing-loss/}, 
journal={California Hearing}, 
author={CalHearing}, 
year={2023}, 
month={Jan},
note={Last accessed: 2024-01-08}}

@ARTICLE{9226670,
  author={Valentinuzzi, Max E.},
  journal={IEEE Pulse}, 
  title={Hearing Aid History: From Ear Trumpets to Digital Technology}, 
  year={2020},
  volume={11},
  number={5},
  pages={33-36},
  doi={10.1109/MPULS.2020.3023833},
  note={Last accessed: 2024-01-05}}

@misc{deafness, 
title={Deafness}, 
url={https://www.britannica.com/science/deafness}, 
journal={Encyclopedia Britannica}, 
publisher={Encyclopedia Britannica, inc.}, 
author={Encyclopedia Britannica},
year={2024}, 
month={January},
note={Last accessed: 2024-01-08}
}

@misc{Harrison_2024, 
title={Hearing aid prices in the UK 2024}, 
url={https://www.hearingaid.org.uk/hearing-aids/hearing-aid-prices-uk}, 
journal={Hearing Aid UK}, 
author={Harrison, Paul}, 
year={2024}, 
month={Jan},
note={Last accessed: 2024-01-11}} 

@Article{ijerph18147259,
AUTHOR = {Jiménez-Arberas, Estíbaliz and Díez, Emiliano},
TITLE = {Psychosocial Impact of Assistive Devices and Other Technologies on Deaf and Hard of Hearing People},
JOURNAL = {International Journal of Environmental Research and Public Health},
VOLUME = {18},
YEAR = {2021},
NUMBER = {14},
ARTICLE-NUMBER = {7259},
URL = {https://www.mdpi.com/1660-4601/18/14/7259},
PubMedID = {34299710},
ISSN = {1660-4601},
DOI = {10.3390/ijerph18147259},
note={Last accessed: 2023-11-24}
}

@article{mathers2000global,
  title={Global burden of hearing loss in the year 2000},
  author={Mathers, Colin and Smith, Andrew and Concha, Marisol},
  journal={Global burden of Disease},
  volume={18},
  number={4},
  pages={1--30},
  year={2000},
  publisher={World Health Organization Geneva},
  note={Last accessed: 2023-12-14}
}

@article{choi2024association,
  title={Association between hearing aid use and mortality in adults with hearing loss in the USA: a mortality follow-up study of a cross-sectional cohort},
  author={Choi, Janet S and Adams, Meredith E and Crimmins, Eileen M and Lin, Frank R and Ailshire, Jennifer A},
  journal={The Lancet Healthy Longevity},
  volume={5},
  number={1},
  pages={e66--e75},
  year={2024},
  publisher={Elsevier},
  note={Last accessed: 2023-01-11}
}

@article{lawrence2020hearing,
  title={Hearing loss and depression in older adults: a systematic review and meta-analysis},
  author={Lawrence, Blake J and Jayakody, Dona MP and Bennett, Rebecca J and Eikelboom, Robert H and Gasson, Natalie and Friedland, Peter L},
  journal={The Gerontologist},
  volume={60},
  number={3},
  pages={e137--e154},
  year={2020},
  publisher={Oxford University Press US},
  note={Last accessed: 2024-01-11}
}

@article{loughrey2018association,
  title={Association of age-related hearing loss with cognitive function, cognitive impairment, and dementia: a systematic review and meta-analysis},
  author={Loughrey, David G and Kelly, Michelle E and Kelley, George A and Brennan, Sabina and Lawlor, Brian A},
  journal={JAMA otolaryngology--head \& neck surgery},
  volume={144},
  number={2},
  pages={115--126},
  year={2018},
  publisher={American Medical Association},
  note={Last accessed: 2024-01-11}
}

@article{borre2023impact,
  title={The impact of hearing loss and its treatment on health-related quality of life utility: a systematic review with meta-analysis},
  author={Borre, Ethan D and Kaalund, Kamaria and Frisco, Nicholas and Zhang, Gloria and Ayer, Austin and Kelly-Hedrick, Margot and Reed, Shelby D and Emmett, Susan D and Francis, Howard and Tucci, Debara L and others},
  journal={Journal of General Internal Medicine},
  volume={38},
  number={2},
  pages={456--479},
  year={2023},
  publisher={Springer},
  note={Last accessed: 2024-01-11}
}

@misc{Disorders_2022, 
url={https://www.nidcd.nih.gov/health/hearing-aids}, 
journal={National Institute of Deafness and Other Communication Disorders}, 
author={NIDCD}, 
publisher={U.S. Department of Health and Human Services}, 
year={2022}, 
month={Oct},
note={Last accessed: 2024-01-11}}

@article{tao2020evaluation,
  title={Evaluation tools for assistive technologies: a scoping review},
  author={Tao, Gordon and Charm, Geoffrey and Kabaci{\'n}ska, Katarzyna and Miller, William C and Robillard, Julie M},
  journal={Archives of Physical Medicine and Rehabilitation},
  volume={101},
  number={6},
  pages={1025--1040},
  year={2020},
  publisher={Elsevier},
  note={Last accessed: 2024-01-14}
}

@misc{Business, 
    title={Chapter 10: Moscow Prioritisation}, 
    url={https://www.agilebusiness.org/dsdm-project-framework/moscow-prioririsation.html}, 
    journal={Agile Business Consortium}, 
    author={Agile Business Consortium},
    note={Last accessed: 2024-01-14}
} 

@article{haile2021hearing,
  title={Hearing loss prevalence and years lived with disability, 1990--2019: findings from the Global Burden of Disease Study 2019},
  author={Haile, Lydia M and Kamenov, Kaloyan and Briant, Paul Svitil and Orji, Aislyn U and Steinmetz, Jaimie D and Abdoli, Amir and Abdollahi, Mohammad and Abu-Gharbieh, Eman and Afshin, Ashkan and Ahmed, Haroon and others},
  journal={The Lancet},
  volume={397},
  number={10278},
  pages={996--1009},
  year={2021},
  publisher={Elsevier},
  note = {Last accessed: 2024-01-05}
}

@article{chu1998evolution,
  title={Evolution of web site design: implications for medical education on the Internet},
  author={Chu, Larry F and Chan, Bryan K},
  journal={Computers in biology and medicine},
  volume={28},
  number={5},
  pages={459--472},
  year={1998},
  publisher={Elsevier},
  note={Last accessed: 2024-01-25}
}

@article{scherer1996outcomes,
  title={Outcomes of assistive technology use on quality of life},
  author={Scherer, Marcia J},
  journal={Disability and rehabilitation},
  volume={18},
  number={9},
  pages={439--448},
  year={1996},
  publisher={Taylor \& Francis},
  note={Last accessed: 2023-11-24}
}

@misc{Usability.gov_2014, 
url={https://www.usability.gov/what-and-why/user-interface-design.html#:~:text=Create%20consistency%20and%20use%20common,site%20to%20help%20facilitate%20efficiency.}, 
author={Usability.gov}, 
publisher={Department of Health and Human Services}, 
year={2014}, 
month={May},
note={Last accessed: 2023-11-24}} 

@misc{usabilityUX, 
url={https://www.usability.gov/what-and-why/user-experience.html#:~:text=User%20experience%20(UX)%20focuses%20on,the%20group%20managing%20the%20project.}, author={Usability.gov}, 
publisher={Department of Health and Human Services}, 
year={2014}, 
month={Feb},
note={Last accessed: 2023-11-24}} 

@article{UIcolor,
author = {Liao, Ching-Chih and Hsu, Ya-Han},
title = {Colour-emotion association and colour preference for elder care robot appearance},
journal = {Coloration Technology},
volume = {139},
number = {4},
pages = {369-384},
doi = {https://doi.org/10.1111/cote.12653},
url = {https://onlinelibrary.wiley.com/doi/abs/10.1111/cote.12653},
eprint = {https://onlinelibrary.wiley.com/doi/pdf/10.1111/cote.12653},
year = {2023},
note={Last accessed: 2023-10-11}
}

@misc{Morville_2004, 
title={User Experience Design}, 
url={https://semanticstudios.com/user_experience_design/}, 
journal={Semantic Studios}, 
author={Morville, Peter}, 
year={2004}, 
month={Jun},
note={Last accessed: 2023-10-11}} 

@inproceedings{tran2022speech,
  title={Speech Recognizing Comparisons Between Web Speech API and FPT. AI API},
  author={Tran, Duc Chung and Nguyen, Duc Long and Ha, Hong Son and Hassan, Mohd Fadzil},
  booktitle={Proceedings of the 12th National Technical Seminar on Unmanned System Technology 2020: NUSYS’20},
  pages={853--865},
  year={2022},
  organization={Springer},
  note={Last accessed: 2023-12-22}
}

@misc{MozDevNet_2023, 
title={Web speech API - web apis: MDN}, 
url={https://developer.mozilla.org/en-US/docs/Web/API/Web_Speech_API}, 
author={MDN Web Docs}, 
author={MozDevNet}, 
year={2023}, 
month={Feb},
note={Last accessed: 2024-01-26}} 

@misc{jurafskyspeech,
  title={Speech and Language Processing: An Introduction to Natural Language Processing, Computational Linguistics, and Speech Recognition},
  author={Jurafsky, Daniel and Martin, James H},
  note={Last accessed: 2024-01-16}
}

@article{david1962eyes,
  title={Eyes and ears for computers},
  author={David, EE and Selfridge, OG},
  journal={Proceedings of the IRE},
  volume={50},
  number={5},
  pages={1093--1101},
  year={1962},
  publisher={IEEE},
  note={Last accessed: 2024-01-16}
}

@article{song2022investigation,
  title={The investigation of adoption of voice-user interface (VUI) in smart home systems among chinese older adults},
  author={Song, Yao and Yang, Yanpu and Cheng, Peiyao},
  journal={Sensors},
  volume={22},
  number={4},
  pages={1614},
  year={2022},
  publisher={MDPI},
  note={Last accessed: 2024-01-28}
}

@article{broadbent2023public,
  title={The public health implications of the cost-of-living crisis: outlining mechanisms and modelling consequences},
  author={Broadbent, Philip and Thomson, Rachel and Kopasker, Daniel and McCartney, Gerry and Meier, Petra and Richiardi, Matteo and McKee, Martin and Katikireddi, Srinivasa Vittal},
  journal={The Lancet Regional Health--Europe},
  volume={27},
  year={2023},
  publisher={Elsevier},
  note={Last accessed: 2024-01-31}
}

@misc{Grant_2023, 
title={Full-featured user authentication made easy with clerk - this dot labs}, 
url={https://www.thisdot.co/blog/full-featured-user-authentication-made-easy-with-clerk}, journal={This Dot Labs}, 
publisher={This Dot Labs}, 
author={Grant, Dane}, 
year={2023}, 
month={Jun},
note={Last accessed: 2024-01-31}} 

@misc{Clerk, 
url={https://clerk.com/docs/quickstarts/react}, 
author={Clerk},
note={Last accessed: 2024-01-31}} 

@article{novel,
author = {Adeel, Ahsan and Ahmad, Jawad and Larijani, Hadi and Hussain, Amir},
year = {2020},
month = {05},
pages = {},
title = {A Novel Real-Time, Lightweight Chaotic-Encryption Scheme for Next-Generation Audio-Visual Hearing Aids},
volume = {12},
journal = {Cognitive Computation},
doi = {10.1007/s12559-019-09653-z},
note={Last accessed: 2024-02-02}
} 

@misc{AppleSupport, 
url={https://support.apple.com/en-gb/guide/iphone/iphb210be03a/ios}, 
author={Apple Support},
note={Last accessed: 2024-02-02}} 

@misc{Google, 
url={https://support.google.com/accessibility/android/#topic=9078842}, 
author={Google},
note={Last accessed: 2024-02-02}} 

@misc{Samsung_uk_2023, 
url={https://www.samsung.com/uk/sustainability/accessibility/hearing/}, 
author={Samsung}, 
year={2023}, 
month={Sep},
note={Last accessed: 2024-02-02}} 

@misc{MozDevNet, 
title={Web audio API - web apis: MDN}, 
url={https://developer.mozilla.org/en-US/docs/Web/API/Web_Audio_API}, 
journal={MDN Web Docs}, 
author={MozDevNet},
note={Last accessed: 2024-02-04}} 

@article{SUS,
author = {Brooke, John},
year = {1995},
month = {11},
pages = {},
title = {SUS: A quick and dirty usability scale},
volume = {189},
journal = {Usability Eval. Ind.},
note={Last accessed: 2024-02-06}} 

@article{semary2024using,
  title={Using Voice Technologies to Support Disabled People},
  author={Semary, HE and Al-Karawi, Khamis A and Abdelwahab, Mahmoud M},
  journal={Journal of Disability Research},
  volume={3},
  number={1},
  year={2024},
  note={Last accessed: 2024-02-23}
}

@article{koenecke2020racial,
  title={Racial disparities in automated speech recognition},
  author={Koenecke, Allison and Nam, Andrew and Lake, Emily and Nudell, Joe and Quartey, Minnie and Mengesha, Zion and Toups, Connor and Rickford, John R and Jurafsky, Dan and Goel, Sharad},
  journal={Proceedings of the National Academy of Sciences},
  volume={117},
  number={14},
  pages={7684--7689},
  year={2020},
  publisher={National Acad Sciences},
  note={Last accessed: 2024-01-16}
}

@misc{Lopez-Lloreda_2020, 
title={How speech-recognition software discriminates against minority voices}, 
url={https://www.scientificamerican.com/article/how-speech-recognition-software-discriminates-against-minority-voices/}, 
journal={Scientific American}, 
author={Lopez-Lloreda, Claudia}, 
year={2020}, 
month={Oct},
note={Last accessed: 2024-01-16}}

@article{klatt1980software,
  title={Software for a cascade/parallel formant synthesizer},
  author={Klatt, Dennis H},
  journal={the Journal of the Acoustical Society of America},
  volume={67},
  number={3},
  pages={971--995},
  year={1980},
  publisher={Acoustical Society of America},
  note={Last accessed: 2024-02-23}
}

@article{tan2024naturalspeech,
  title={Naturalspeech: End-to-end text-to-speech synthesis with human-level quality},
  author={Tan, Xu and Chen, Jiawei and Liu, Haohe and Cong, Jian and Zhang, Chen and Liu, Yanqing and Wang, Xi and Leng, Yichong and Yi, Yuanhao and He, Lei and others},
  journal={IEEE Transactions on Pattern Analysis and Machine Intelligence},
  year={2024},
  publisher={IEEE},
  note={Last accessed: 2024-02-23}
}

@misc{MozDevNet_filters, title={BiquadFilterNode - web apis: MDN}, url={https://developer.mozilla.org/en-US/docs/Web/API/BiquadFilterNode}, journal={MDN Web Docs}, author={MozDevNet}, year={2023}, month={Apr},
note={Last accessed: 2024-03-03}} 

@inproceedings{kroger2019my,
  title={Is my phone listening in? On the feasibility and detectability of mobile eavesdropping},
  author={Kr{\"o}ger, Jacob Leon and Raschke, Philip},
  booktitle={Data and Applications Security and Privacy XXXIII: 33rd Annual IFIP WG 11.3 Conference, DBSec 2019, Charleston, SC, USA, July 15--17, 2019, Proceedings 33},
  pages={102--120},
  year={2019},
  organization={Springer},
  note={Last accessed: 2024-03-04}
}

@misc{Groce_2016, 
title={deafness on Martha’s Vineyard}, 
url={https://www.britannica.com/science/deafness-on-Marthas-Vineyard}, 
journal={Encyclopedia Britannica}, 
publisher={Encyclopedia Britannica, inc.}, 
author={Groce, Nora Ellen}, 
year={2016}, 
month={November},
note={Last accessed: 2024-01-08}
}

@article{10.1001/jamaoto.2018.0273,
    author = {Mahmoudi, Elham and Zazove, Philip and Meade, Michelle and McKee, Michael M.},
    title = "{Association Between Hearing Aid Use and Health Care Use and Cost Among Older Adults With Hearing Loss}",
    journal = {JAMA Otolaryngology–Head & Neck Surgery},
    volume = {144},
    number = {6},
    pages = {498-505},
    year = {2018},
    month = {06},
    issn = {2168-6181},
    doi = {10.1001/jamaoto.2018.0273},
    url = {https://doi.org/10.1001/jamaoto.2018.0273},
    eprint = {https://jamanetwork.com/journals/jamaotolaryngology/articlepdf/2678187/jamaotolaryngology\_mahmoudi\_2018\_oi\_180008.pdf},
    note={Last accessed: 2024-01-08}
}

@misc{Red-Hat, url={https://www.redhat.com/en/topics/api/what-is-a-rest-api}, author={Red-Hat}, year={2020}, month={May}, note={Last accessed: 2024-01-08}} 

@misc{PicovoiceWordmark, url={https://picovoice.ai/platform/eagle/}, author={Picovoice Wordmark}, title={Eagle Speaker Recognition and Identification}, note={Last accessed: 2024-03-13}} 

@misc{PyPI, title={vosk},url={https://pypi.org/project/vosk/}, author={PyPI}, note={Last accessed: 2024-03-14}} 

@article{sheffield2019epidemiology,
  title={The epidemiology of deafness},
  author={Sheffield, Abraham M and Smith, Richard JH},
  journal={Cold Spring Harbor perspectives in medicine},
  volume={9},
  number={9},
  pages={a033258},
  year={2019},
  publisher={Cold Spring Harbor Laboratory Press}, 
  note={Last accessed: 2024-03-17}
}

@misc{Atlassian, title={What is a code review & how it can save time}, url={https://www.atlassian.com/agile/software-development/code-reviews}, journal={Atlassian}, author={Atlassian}, note={Last accessed: 2024-03-18}} 

@article{likert,
author = {Pornel, Jonny and Saldaña, Giabelle},
year = {2013},
month = {12},
pages = {12-19},
title = {Four Common Misuses of the Likert Scale},
volume = {18},
journal = {Philippine Journal of Social Sciences and Humanities}, note={Last accessed: 2024-03-18}
}

@article{harpe2015analyze,
  title={How to analyze Likert and other rating scale data},
  author={Harpe, Spencer E},
  journal={Currents in pharmacy teaching and learning},
  volume={7},
  number={6},
  pages={836--850},
  year={2015},
  publisher={Elsevier}, 
  note={Last accessed: 2024-03-18}
}

@misc{Morgan_2016, title={Designing for deaf people when English is the Second language}, url={https://dwpdigital.blog.gov.uk/2016/07/14/designing-for-deaf-people-when-english-is-the-second-language/}, journal={DWP Digital}, author={Morgan, Tom}, year={2016}, month={Jul}, 
  note={Last accessed: 2024-03-21}} 
